
<marc:record><marc:leader>03394cai a2200601 a 4500</marc:leader>
<marc:controlfield tag="001">000525895</marc:controlfield>
<marc:controlfield tag="005">20180216170450.0</marc:controlfield><marc:controlfield tag="006">m     o  d        </marc:controlfield><marc:controlfield tag="007">cr |||||||||||</marc:controlfield><marc:controlfield tag="008">000914c19949999dcukr dso    f0    2eng c</marc:controlfield><marc:datafield tag="010" ind1=" " ind2=" "><marc:subfield code="a">2012230703</marc:subfield></marc:datafield><marc:datafield tag="019" ind1=" " ind2=" "><marc:subfield code="a">43973836</marc:subfield><marc:subfield code="a">46314750</marc:subfield><marc:subfield code="a">48853290</marc:subfield><marc:subfield code="a">428007563</marc:subfield><marc:subfield code="a">704527737</marc:subfield><marc:subfield code="a">742148463</marc:subfield><marc:subfield code="a">811205052</marc:subfield><marc:subfield code="a">830854581</marc:subfield><marc:subfield code="a">904421503</marc:subfield><marc:subfield code="a">959274930</marc:subfield><marc:subfield code="a">1003819476</marc:subfield></marc:datafield><marc:datafield tag="035" ind1="9" ind2=" "><marc:subfield code="a">ocm45008224</marc:subfield></marc:datafield><marc:datafield tag="035" ind1=" " ind2=" "><marc:subfield code="a">(OCoLC)45008224</marc:subfield><marc:subfield code="z">(OCoLC)43973836</marc:subfield><marc:subfield code="z">(OCoLC)46314750</marc:subfield><marc:subfield code="z">(OCoLC)48853290</marc:subfield><marc:subfield code="z">(OCoLC)428007563</marc:subfield><marc:subfield code="z">(OCoLC)704527737</marc:subfield><marc:subfield code="z">(OCoLC)742148463</marc:subfield><marc:subfield code="z">(OCoLC)811205052</marc:subfield><marc:subfield code="z">(OCoLC)830854581</marc:subfield><marc:subfield code="z">(OCoLC)904421503</marc:subfield><marc:subfield code="z">(OCoLC)959274930</marc:subfield><marc:subfield code="z">(OCoLC)1003819476</marc:subfield></marc:datafield><marc:datafield tag="040" ind1=" " ind2=" "><marc:subfield code="a">GPO</marc:subfield><marc:subfield code="b">eng</marc:subfield><marc:subfield code="c">GPO</marc:subfield><marc:subfield code="d">OCLCQ</marc:subfield><marc:subfield code="d">BKL</marc:subfield><marc:subfield code="d">AGL</marc:subfield><marc:subfield code="d">ZCU</marc:subfield><marc:subfield code="d">W7L</marc:subfield><marc:subfield code="d">GPO</marc:subfield><marc:subfield code="d">INR</marc:subfield><marc:subfield code="d">AGL</marc:subfield><marc:subfield code="d">OCLCO</marc:subfield><marc:subfield code="d">GPO</marc:subfield></marc:datafield><marc:datafield tag="042" ind1=" " ind2=" "><marc:subfield code="a">pcc</marc:subfield></marc:datafield><marc:datafield tag="043" ind1=" " ind2=" "><marc:subfield code="a">n-us---</marc:subfield></marc:datafield><marc:datafield tag="070" ind1="0" ind2=" "><marc:subfield code="a">ZA5055.U6</marc:subfield><marc:subfield code="b">C37</marc:subfield></marc:datafield><marc:datafield tag="074" ind1=" " ind2=" "><marc:subfield code="a">0557-F (online)</marc:subfield></marc:datafield><marc:datafield tag="086" ind1="0" ind2=" "><marc:subfield code="a">GP 3.8/8-9:</marc:subfield><marc:subfield code="z">GP 3.22/8-9:</marc:subfield></marc:datafield><marc:datafield tag="245" ind1="0" ind2="0"><marc:subfield code="a">Catalog of U.S. government publications.</marc:subfield></marc:datafield><marc:datafield tag="246" ind1="1" ind2=" "><marc:subfield code="i">Also known as:</marc:subfield><marc:subfield code="a">CGP</marc:subfield></marc:datafield><marc:datafield tag="246" ind1="1" ind2=" "><marc:subfield code="a">Catalog of United States government publications</marc:subfield></marc:datafield><marc:datafield tag="260" ind1=" " ind2=" "><marc:subfield code="a">[Washington, D.C.] :</marc:subfield><marc:subfield code="b">U.S. G.P.O.,</marc:subfield><marc:subfield code="c">1994-</marc:subfield></marc:datafield><marc:datafield tag="300" ind1=" " ind2=" "><marc:subfield code="a">1 online resource</marc:subfield></marc:datafield><marc:datafield tag="310" ind1=" " ind2=" "><marc:subfield code="a">Continuously updated</marc:subfield></marc:datafield><marc:datafield tag="336" ind1=" " ind2=" "><marc:subfield code="a">text</marc:subfield><marc:subfield code="b">txt</marc:subfield><marc:subfield code="2">rdacontent</marc:subfield></marc:datafield><marc:datafield tag="337" ind1=" " ind2=" "><marc:subfield code="a">computer</marc:subfield><marc:subfield code="b">c</marc:subfield><marc:subfield code="2">rdamedia</marc:subfield></marc:datafield><marc:datafield tag="338" ind1=" " ind2=" "><marc:subfield code="a">online resource</marc:subfield><marc:subfield code="b">cr</marc:subfield><marc:subfield code="2">rdacarrier</marc:subfield></marc:datafield><marc:datafield tag="362" ind1="1" ind2=" "><marc:subfield code="a">Began in 1994.</marc:subfield></marc:datafield><marc:datafield tag="500" ind1=" " ind2=" "><marc:subfield code="a">Title from caption (viewed Aug. 17, 2012).</marc:subfield></marc:datafield><marc:datafield tag="500" ind1=" " ind2=" "><marc:subfield code="a">&quot;A service of the Superintendent of Documents, U.S. Government Printing Office.&quot;</marc:subfield></marc:datafield><marc:datafield tag="520" ind1=" " ind2=" "><marc:subfield code="a">The Catalog of U.S. Government Publications (CGP) is the finding tool for electronic and print publications from the legislative, executive, and judicial branches of the U.S. government. These publications make up the National Bibliography of U.S. Government Publications. The CGP contains descriptive records for historical and current publications and provides direct links to those that are available online. More than 1,000,000 records generated since July 1976 are contained in the CGP and it is updated daily. The catalog will grow to include records for publications dating back to the late 1800s, making the CGP the central point for locating new and historical Government publications.</marc:subfield></marc:datafield><marc:datafield tag="580" ind1=" " ind2=" "><marc:subfield code="a">Absorbed the print publication: Monthly catalog of United States government publications.</marc:subfield></marc:datafield><marc:datafield tag="610" ind1="1" ind2="0"><marc:subfield code="a">United States.</marc:subfield><marc:subfield code="b">Government Publishing Office</marc:subfield><marc:subfield code="v">Catalogs.</marc:subfield></marc:datafield><marc:datafield tag="610" ind1="1" ind2="0"><marc:subfield code="a">United States.</marc:subfield><marc:subfield code="b">Government Printing Office</marc:subfield><marc:subfield code="v">Catalogs.</marc:subfield></marc:datafield><marc:datafield tag="650" ind1=" " ind2="0"><marc:subfield code="a">Government publications</marc:subfield><marc:subfield code="z">United States</marc:subfield><marc:subfield code="v">Bibliography</marc:subfield><marc:subfield code="v">Catalogs.</marc:subfield></marc:datafield><marc:datafield tag="610" ind1="1" ind2="7"><marc:subfield code="a">United States.</marc:subfield><marc:subfield code="b">Government Printing Office.</marc:subfield><marc:subfield code="2">fast</marc:subfield><marc:subfield code="0">(OCoLC)fst00539487</marc:subfield></marc:datafield><marc:datafield tag="650" ind1=" " ind2="7"><marc:subfield code="a">Government publications.</marc:subfield><marc:subfield code="2">fast</marc:subfield><marc:subfield code="0">(OCoLC)fst00945492</marc:subfield></marc:datafield><marc:datafield tag="651" ind1=" " ind2="7"><marc:subfield code="a">United States.</marc:subfield><marc:subfield code="2">fast</marc:subfield><marc:subfield code="0">(OCoLC)fst01204155</marc:subfield></marc:datafield><marc:datafield tag="655" ind1=" " ind2="7"><marc:subfield code="a">Bibliography</marc:subfield><marc:subfield code="v">Catalogs.</marc:subfield><marc:subfield code="2">fast</marc:subfield><marc:subfield code="0">(OCoLC)fst01423688</marc:subfield></marc:datafield><marc:datafield tag="655" ind1=" " ind2="7"><marc:subfield code="a">Catalogs.</marc:subfield><marc:subfield code="2">fast</marc:subfield><marc:subfield code="0">(OCoLC)fst01423692</marc:subfield></marc:datafield><marc:datafield tag="710" ind1="1" ind2=" "><marc:subfield code="a">United States.</marc:subfield><marc:subfield code="b">Government Publishing Office.</marc:subfield></marc:datafield><marc:datafield tag="710" ind1="1" ind2=" "><marc:subfield code="a">United States.</marc:subfield><marc:subfield code="b">Government Printing Office.</marc:subfield></marc:datafield><marc:datafield tag="780" ind1="1" ind2="5"><marc:subfield code="t">Monthly catalog of United States government publications</marc:subfield><marc:subfield code="x">0362-6830</marc:subfield><marc:subfield code="g">&lt;Jan. 2005&gt;</marc:subfield><marc:subfield code="w">(DLC) 04018088</marc:subfield><marc:subfield code="w">(OCoLC)2264351</marc:subfield></marc:datafield><marc:datafield tag="856" ind1="4" ind2="0"><marc:subfield code="u">http://purl.access.gpo.gov/GPO/LPS844</marc:subfield></marc:datafield><marc:datafield tag="856" ind1="4" ind2=" "><marc:subfield code="u">http://catalog.gpo.gov/F</marc:subfield></marc:datafield><marc:datafield tag="856" ind1=" " ind2=" "><marc:subfield code="3">(online)</marc:subfield><marc:subfield code="u">https://catalog.gpo.gov/fdlpdir/locate.jsp?ItemNumber=0557-F&amp;SYS=000525895</marc:subfield></marc:datafield><marc:datafield tag="994" ind1=" " ind2=" "><marc:subfield code="a">C0</marc:subfield><marc:subfield code="b">GPO</marc:subfield></marc:datafield><marc:datafield tag="049" ind1=" " ind2=" "><marc:subfield code="a">GPOO</marc:subfield></marc:datafield><marc:datafield tag="922" ind1=" " ind2=" "><marc:subfield code="a">BASICTITLE</marc:subfield></marc:datafield><marc:datafield tag="955" ind1=" " ind2=" "><marc:subfield code="a">bca35 20180118</marc:subfield></marc:datafield><marc:datafield tag="955" ind1=" " ind2=" "><marc:subfield code="a">bcb43 20120817</marc:subfield><marc:subfield code="b">20120817</marc:subfield></marc:datafield></marc:record>