
<marc:record><marc:leader>03549cas a2200769 a 4500</marc:leader>
<marc:controlfield tag="001">000590594</marc:controlfield>
<marc:controlfield tag="005">20190220165647.0</marc:controlfield><marc:controlfield tag="006">m     o  d f      </marc:controlfield><marc:controlfield tag="007">cr an|||||||||</marc:controlfield><marc:controlfield tag="008">060712c19369999dcudn  so l  f0   a0eng c</marc:controlfield><marc:datafield tag="010" ind1=" " ind2=" "><marc:subfield code="a">2009230072</marc:subfield></marc:datafield><marc:datafield tag="019" ind1=" " ind2=" "><marc:subfield code="a">21582353</marc:subfield><marc:subfield code="a">54464436</marc:subfield><marc:subfield code="a">60637209</marc:subfield><marc:subfield code="a">760057575</marc:subfield></marc:datafield><marc:datafield tag="022" ind1="0" ind2=" "><marc:subfield code="a">2167-2520</marc:subfield><marc:subfield code="2">1</marc:subfield></marc:datafield><marc:datafield tag="035" ind1=" " ind2=" "><marc:subfield code="a">(OCoLC)70285150</marc:subfield><marc:subfield code="z">(OCoLC)21582353</marc:subfield><marc:subfield code="z">(OCoLC)54464436</marc:subfield><marc:subfield code="z">(OCoLC)60637209</marc:subfield><marc:subfield code="z">(OCoLC)760057575</marc:subfield></marc:datafield><marc:datafield tag="037" ind1=" " ind2=" "><marc:subfield code="a">769-004-00000-9</marc:subfield><marc:subfield code="b">Paper subscription available from: Superintendent of Documents, P.O. Box 371954, Pittsburgh, PA 15250-7954</marc:subfield></marc:datafield><marc:datafield tag="040" ind1=" " ind2=" "><marc:subfield code="a">GPO</marc:subfield><marc:subfield code="b">eng</marc:subfield><marc:subfield code="c">GPO</marc:subfield><marc:subfield code="d">SYB</marc:subfield><marc:subfield code="d">GPO</marc:subfield><marc:subfield code="d">DLC</marc:subfield><marc:subfield code="d">OCLCQ</marc:subfield><marc:subfield code="d">OCLCF</marc:subfield><marc:subfield code="d">GPO</marc:subfield><marc:subfield code="d">OCLCS</marc:subfield><marc:subfield code="d">NYDWH</marc:subfield><marc:subfield code="d">STF</marc:subfield><marc:subfield code="d">GUL</marc:subfield><marc:subfield code="d">EMI</marc:subfield><marc:subfield code="d">OCLCE</marc:subfield><marc:subfield code="d">GPO</marc:subfield><marc:subfield code="d">DOS</marc:subfield><marc:subfield code="d">OCLCO</marc:subfield><marc:subfield code="d">INR</marc:subfield><marc:subfield code="d">IXA</marc:subfield><marc:subfield code="d">COO</marc:subfield><marc:subfield code="d">OCLCO</marc:subfield><marc:subfield code="d">OCL</marc:subfield><marc:subfield code="d">OCLCQ</marc:subfield><marc:subfield code="d">OCL</marc:subfield><marc:subfield code="d">OCLCO</marc:subfield><marc:subfield code="d">OCLCQ</marc:subfield><marc:subfield code="d">OCLCO</marc:subfield><marc:subfield code="d">OCLCQ</marc:subfield><marc:subfield code="d">GPO</marc:subfield></marc:datafield><marc:datafield tag="042" ind1=" " ind2=" "><marc:subfield code="a">pcc</marc:subfield><marc:subfield code="a">nsdp</marc:subfield></marc:datafield><marc:datafield tag="043" ind1=" " ind2=" "><marc:subfield code="a">n-us---</marc:subfield></marc:datafield><marc:datafield tag="050" ind1="1" ind2="0"><marc:subfield code="a">ISSN RECORD</marc:subfield></marc:datafield><marc:datafield tag="050" ind1=" " ind2="4"><marc:subfield code="a">KF70</marc:subfield><marc:subfield code="b">.A2</marc:subfield></marc:datafield><marc:datafield tag="074" ind1=" " ind2=" "><marc:subfield code="a">0573-F (online)</marc:subfield></marc:datafield><marc:datafield tag="082" ind1="1" ind2="0"><marc:subfield code="a">342</marc:subfield><marc:subfield code="2">14</marc:subfield></marc:datafield><marc:datafield tag="086" ind1="0" ind2=" "><marc:subfield code="a">AE 2.106:</marc:subfield></marc:datafield><marc:datafield tag="222" ind1=" " ind2="0"><marc:subfield code="a">Federal register</marc:subfield><marc:subfield code="b">(Online)</marc:subfield></marc:datafield><marc:datafield tag="245" ind1="0" ind2="0"><marc:subfield code="a">Federal register.</marc:subfield></marc:datafield><marc:datafield tag="260" ind1=" " ind2=" "><marc:subfield code="a">[Washington, D.C.] :</marc:subfield><marc:subfield code="b">[Office of the Federal Register, National Archives and Records Administration]</marc:subfield></marc:datafield><marc:datafield tag="300" ind1=" " ind2=" "><marc:subfield code="a">1 online resource</marc:subfield></marc:datafield><marc:datafield tag="310" ind1=" " ind2=" "><marc:subfield code="a">Daily (except Saturday, Sunday, and Federal holidays)</marc:subfield></marc:datafield><marc:datafield tag="336" ind1=" " ind2=" "><marc:subfield code="a">text</marc:subfield><marc:subfield code="b">txt</marc:subfield><marc:subfield code="2">rdacontent</marc:subfield></marc:datafield><marc:datafield tag="337" ind1=" " ind2=" "><marc:subfield code="a">computer</marc:subfield><marc:subfield code="b">c</marc:subfield><marc:subfield code="2">rdamedia</marc:subfield></marc:datafield><marc:datafield tag="338" ind1=" " ind2=" "><marc:subfield code="a">online resource</marc:subfield><marc:subfield code="b">cr</marc:subfield><marc:subfield code="2">rdacarrier</marc:subfield></marc:datafield><marc:datafield tag="362" ind1="1" ind2=" "><marc:subfield code="a">Print began with vol. 1, no. 1 (Mar. 14, 1936).</marc:subfield></marc:datafield><marc:datafield tag="500" ind1=" " ind2=" "><marc:subfield code="a">Electronic code of federal regulations is an unofficial compilation of Federal register amendments.</marc:subfield></marc:datafield><marc:datafield tag="588" ind1=" " ind2=" "><marc:subfield code="a">Description based on: Vol. 59, issue 1 (Jan. 3, 1994); title from table of contents page (viewed Feb. 4, 2014).</marc:subfield></marc:datafield><marc:datafield tag="588" ind1=" " ind2=" "><marc:subfield code="a">Latest issue consulted: Vol. 79, no. 105 (June 2, 2014) (viewed June 2, 2014).</marc:subfield></marc:datafield><marc:datafield tag="650" ind1=" " ind2="0"><marc:subfield code="a">Delegated legislation</marc:subfield><marc:subfield code="z">United States</marc:subfield><marc:subfield code="v">Periodicals.</marc:subfield></marc:datafield><marc:datafield tag="650" ind1=" " ind2="0"><marc:subfield code="a">Administrative law</marc:subfield><marc:subfield code="z">United States</marc:subfield><marc:subfield code="v">Periodicals.</marc:subfield></marc:datafield><marc:datafield tag="650" ind1=" " ind2="2"><marc:subfield code="a">Government.</marc:subfield></marc:datafield><marc:datafield tag="650" ind1=" " ind2="2"><marc:subfield code="a">Government Agencies.</marc:subfield></marc:datafield><marc:datafield tag="650" ind1=" " ind2="2"><marc:subfield code="a">Legislation.</marc:subfield></marc:datafield><marc:datafield tag="651" ind1=" " ind2="2"><marc:subfield code="a">United States.</marc:subfield></marc:datafield><marc:datafield tag="650" ind1=" " ind2="7"><marc:subfield code="a">Administrative law</marc:subfield><marc:subfield code="2">fast</marc:subfield><marc:subfield code="0">(OCoLC)fst00796846</marc:subfield></marc:datafield><marc:datafield tag="650" ind1=" " ind2="7"><marc:subfield code="a">Delegated legislation.</marc:subfield><marc:subfield code="2">fast</marc:subfield><marc:subfield code="0">(OCoLC)fst00889920</marc:subfield></marc:datafield><marc:datafield tag="651" ind1=" " ind2="7"><marc:subfield code="a">United States.</marc:subfield><marc:subfield code="2">fast</marc:subfield><marc:subfield code="0">(OCoLC)fst01204155</marc:subfield></marc:datafield><marc:datafield tag="655" ind1=" " ind2="2"><marc:subfield code="a">Periodicals.</marc:subfield></marc:datafield><marc:datafield tag="655" ind1=" " ind2="7"><marc:subfield code="a">Legislative materials.</marc:subfield><marc:subfield code="2">fast</marc:subfield><marc:subfield code="0">(OCoLC)fst01774285</marc:subfield></marc:datafield><marc:datafield tag="655" ind1=" " ind2="7"><marc:subfield code="a">Periodicals.</marc:subfield><marc:subfield code="2">fast</marc:subfield><marc:subfield code="0">(OCoLC)fst01411641</marc:subfield></marc:datafield><marc:datafield tag="655" ind1=" " ind2="7"><marc:subfield code="a">Legislative materials.</marc:subfield><marc:subfield code="2">lcgft</marc:subfield></marc:datafield><marc:datafield tag="710" ind1="1" ind2=" "><marc:subfield code="a">United States.</marc:subfield><marc:subfield code="b">Office of the Federal Register.</marc:subfield></marc:datafield><marc:datafield tag="710" ind1="2" ind2=" "><marc:subfield code="a">National Archives (U.S.)</marc:subfield></marc:datafield><marc:datafield tag="776" ind1="0" ind2="8"><marc:subfield code="i">Print version:</marc:subfield><marc:subfield code="t">Federal register</marc:subfield><marc:subfield code="x">0097-6326</marc:subfield><marc:subfield code="w">(DLC) 36026246</marc:subfield><marc:subfield code="w">(OCoLC)1768512</marc:subfield></marc:datafield><marc:datafield tag="776" ind1="0" ind2="8"><marc:subfield code="i">Microfiche version:</marc:subfield><marc:subfield code="t">Federal register</marc:subfield><marc:subfield code="w">(DLC)sf 84019134</marc:subfield><marc:subfield code="w">(OCoLC)9090879</marc:subfield></marc:datafield><marc:datafield tag="787" ind1="1" ind2=" "><marc:subfield code="t">Electronic code of federal regulations</marc:subfield><marc:subfield code="x">2167-2512</marc:subfield><marc:subfield code="w">(DLC) 2012230598</marc:subfield><marc:subfield code="w">(OCoLC)614000753</marc:subfield></marc:datafield><marc:datafield tag="856" ind1="4" ind2="0"><marc:subfield code="u">http://purl.access.gpo.gov/GPO/LPS1756</marc:subfield></marc:datafield><marc:datafield tag="856" ind1="4" ind2="0"><marc:subfield code="z">Also available at UNT Digital Library</marc:subfield><marc:subfield code="u">http://purl.fdlp.gov/GPO/gpo49507</marc:subfield></marc:datafield><marc:datafield tag="856" ind1="4" ind2="0"><marc:subfield code="z">Federal register 2.0, unofficial edition</marc:subfield><marc:subfield code="u">http://purl.fdlp.gov/GPO/gpo66918</marc:subfield></marc:datafield><marc:datafield tag="856" ind1="4" ind2=" "><marc:subfield code="u">http://www.gpo.gov/fdsys/browse/collection.action?collectionCode=FR</marc:subfield></marc:datafield><marc:datafield tag="856" ind1="4" ind2=" "><marc:subfield code="u">http://digital.library.unt.edu/explore/collections/FEDR/browse/</marc:subfield></marc:datafield><marc:datafield tag="856" ind1="4" ind2=" "><marc:subfield code="z">Federal register 2.0, unofficial edition</marc:subfield><marc:subfield code="u">http://www.federalregister.gov/</marc:subfield></marc:datafield><marc:datafield tag="856" ind1=" " ind2=" "><marc:subfield code="3">(online)</marc:subfield><marc:subfield code="u">https://catalog.gpo.gov/fdlpdir/locate.jsp?ItemNumber=0573-F&amp;SYS=000590594</marc:subfield></marc:datafield><marc:datafield tag="994" ind1=" " ind2=" "><marc:subfield code="a">C0</marc:subfield><marc:subfield code="b">GPO</marc:subfield></marc:datafield><marc:datafield tag="049" ind1=" " ind2=" "><marc:subfield code="a">GPOO</marc:subfield></marc:datafield><marc:datafield tag="922" ind1=" " ind2=" "><marc:subfield code="a">BASICTITLE</marc:subfield></marc:datafield><marc:datafield tag="922" ind1=" " ind2=" "><marc:subfield code="a">ESSENTIALTITLE</marc:subfield></marc:datafield><marc:datafield tag="955" ind1=" " ind2=" "><marc:subfield code="a">bca88 20160427</marc:subfield></marc:datafield><marc:datafield tag="955" ind1=" " ind2=" "><marc:subfield code="a">bcb19 20140602</marc:subfield></marc:datafield><marc:datafield tag="955" ind1=" " ind2=" "><marc:subfield code="a">bca35 20060713</marc:subfield></marc:datafield></marc:record>