
<marc:record><marc:leader>03148cas a2200577 a 4500</marc:leader>
<marc:controlfield tag="001">000639851</marc:controlfield>
<marc:controlfield tag="005">20180216172129.0</marc:controlfield><marc:controlfield tag="006">m     o  d f      </marc:controlfield><marc:controlfield tag="007">cr an|||||||||</marc:controlfield><marc:controlfield tag="008">990324c19749999dcuar  sof   f0   a0eng c</marc:controlfield><marc:datafield tag="010" ind1=" " ind2=" "><marc:subfield code="a">2009231050</marc:subfield></marc:datafield><marc:datafield tag="019" ind1=" " ind2=" "><marc:subfield code="a">36735387</marc:subfield><marc:subfield code="a">607497363</marc:subfield><marc:subfield code="a">818683410</marc:subfield><marc:subfield code="a">858842418</marc:subfield></marc:datafield><marc:datafield tag="022" ind1="0" ind2=" "><marc:subfield code="a">1949-7717</marc:subfield><marc:subfield code="l">0092-1904</marc:subfield><marc:subfield code="2">1</marc:subfield></marc:datafield><marc:datafield tag="035" ind1=" " ind2=" "><marc:subfield code="a">(OCoLC)41031145</marc:subfield><marc:subfield code="z">(OCoLC)36735387</marc:subfield><marc:subfield code="z">(OCoLC)607497363</marc:subfield><marc:subfield code="z">(OCoLC)818683410</marc:subfield><marc:subfield code="z">(OCoLC)858842418</marc:subfield></marc:datafield><marc:datafield tag="037" ind1=" " ind2=" "><marc:subfield code="b">Paper version available from: Supt. of Docs., U.S. Govt. Print. Off., Mail: Stop SSOP, Washington, DC 20402</marc:subfield></marc:datafield><marc:datafield tag="040" ind1=" " ind2=" "><marc:subfield code="a">UIU</marc:subfield><marc:subfield code="b">eng</marc:subfield><marc:subfield code="c">UIU</marc:subfield><marc:subfield code="d">OCLCQ</marc:subfield><marc:subfield code="d">ORU</marc:subfield><marc:subfield code="d">OCLCQ</marc:subfield><marc:subfield code="d">GPO</marc:subfield><marc:subfield code="d">LGG</marc:subfield><marc:subfield code="d">DLC</marc:subfield><marc:subfield code="d">OCLCQ</marc:subfield><marc:subfield code="d">GPO</marc:subfield><marc:subfield code="d">OCLCE</marc:subfield><marc:subfield code="d">OCLCQ</marc:subfield><marc:subfield code="d">OCLCF</marc:subfield><marc:subfield code="d">GPO</marc:subfield><marc:subfield code="d">DLC</marc:subfield><marc:subfield code="d">UX0</marc:subfield><marc:subfield code="d">OCLCO</marc:subfield><marc:subfield code="d">INR</marc:subfield><marc:subfield code="d">GPO</marc:subfield></marc:datafield><marc:datafield tag="042" ind1=" " ind2=" "><marc:subfield code="a">pcc</marc:subfield><marc:subfield code="a">nsdp</marc:subfield><marc:subfield code="a">dlr</marc:subfield></marc:datafield><marc:datafield tag="043" ind1=" " ind2=" "><marc:subfield code="a">n-us---</marc:subfield></marc:datafield><marc:datafield tag="074" ind1=" " ind2=" "><marc:subfield code="a">0577-A-01 (online)</marc:subfield></marc:datafield><marc:datafield tag="086" ind1="0" ind2=" "><marc:subfield code="a">AE 2.108/2:</marc:subfield></marc:datafield><marc:datafield tag="130" ind1="0" ind2=" "><marc:subfield code="a">United States government manual (Washington, D.C. : 1973 : Online)</marc:subfield></marc:datafield><marc:datafield tag="222" ind1=" " ind2="4"><marc:subfield code="a">The United States government manual</marc:subfield><marc:subfield code="b">(Washington, D.C. : 1973. Online)</marc:subfield></marc:datafield><marc:datafield tag="245" ind1="1" ind2="4"><marc:subfield code="a">The United States government manual</marc:subfield><marc:subfield code="h">[electronic resource].</marc:subfield></marc:datafield><marc:datafield tag="246" ind1="1" ind2=" "><marc:subfield code="i">Also known as:</marc:subfield><marc:subfield code="a">U.S. government manual</marc:subfield></marc:datafield><marc:datafield tag="260" ind1=" " ind2=" "><marc:subfield code="a">[Washington, D.C.] :</marc:subfield><marc:subfield code="b">Office of the Federal Register :</marc:subfield><marc:subfield code="b">National Archives and Records Service :</marc:subfield><marc:subfield code="b">U.S. G.P.O.</marc:subfield></marc:datafield><marc:datafield tag="300" ind1=" " ind2=" "><marc:subfield code="a">1 online resource</marc:subfield></marc:datafield><marc:datafield tag="310" ind1=" " ind2=" "><marc:subfield code="a">Annual</marc:subfield></marc:datafield><marc:datafield tag="362" ind1="1" ind2=" "><marc:subfield code="a">Print began with issue for 1973/74.</marc:subfield></marc:datafield><marc:datafield tag="538" ind1=" " ind2=" "><marc:subfield code="a">Mode of access: Internet from the GPO Access web site. Previously available as of 4/6/15: http://www.gpoaccess.gov/gmanual/browse.html.</marc:subfield></marc:datafield><marc:datafield tag="588" ind1=" " ind2=" "><marc:subfield code="a">Description based on: 1995/96; title from caption (viewed Mar. 17, 1999).</marc:subfield></marc:datafield><marc:datafield tag="588" ind1=" " ind2=" "><marc:subfield code="a">Latest issue consulted: 2014 (October) edition (viewed Apr. 6, 2015).</marc:subfield></marc:datafield><marc:datafield tag="650" ind1=" " ind2="0"><marc:subfield code="a">Administrative agencies</marc:subfield><marc:subfield code="z">United States</marc:subfield><marc:subfield code="v">Handbooks, manuals, etc.</marc:subfield></marc:datafield><marc:datafield tag="650" ind1=" " ind2="0"><marc:subfield code="a">Executive departments</marc:subfield><marc:subfield code="z">United States</marc:subfield><marc:subfield code="v">Handbooks, manuals, etc.</marc:subfield></marc:datafield><marc:datafield tag="650" ind1=" " ind2="0"><marc:subfield code="a">Courts</marc:subfield><marc:subfield code="z">United States</marc:subfield><marc:subfield code="v">Handbooks, manuals, etc.</marc:subfield></marc:datafield><marc:datafield tag="651" ind1=" " ind2="0"><marc:subfield code="a">United States</marc:subfield><marc:subfield code="x">Politics and government</marc:subfield><marc:subfield code="v">Handbooks, manuals, etc.</marc:subfield></marc:datafield><marc:datafield tag="650" ind1=" " ind2="7"><marc:subfield code="a">Administrative agencies.</marc:subfield><marc:subfield code="2">fast</marc:subfield><marc:subfield code="0">(OCoLC)fst00796723</marc:subfield></marc:datafield><marc:datafield tag="650" ind1=" " ind2="7"><marc:subfield code="a">Executive departments.</marc:subfield><marc:subfield code="2">fast</marc:subfield><marc:subfield code="0">(OCoLC)fst00917803</marc:subfield></marc:datafield><marc:datafield tag="650" ind1=" " ind2="7"><marc:subfield code="a">Political science.</marc:subfield><marc:subfield code="2">fast</marc:subfield><marc:subfield code="0">(OCoLC)fst01069781</marc:subfield></marc:datafield><marc:datafield tag="651" ind1=" " ind2="7"><marc:subfield code="a">United States.</marc:subfield><marc:subfield code="2">fast</marc:subfield><marc:subfield code="0">(OCoLC)fst01204155</marc:subfield></marc:datafield><marc:datafield tag="655" ind1=" " ind2="7"><marc:subfield code="a">Handbooks, manuals, etc.</marc:subfield><marc:subfield code="2">fast</marc:subfield><marc:subfield code="0">(OCoLC)fst01423877</marc:subfield></marc:datafield><marc:datafield tag="710" ind1="1" ind2=" "><marc:subfield code="a">United States.</marc:subfield><marc:subfield code="b">Office of the Federal Register.</marc:subfield></marc:datafield><marc:datafield tag="776" ind1="0" ind2="8"><marc:subfield code="i">Print version:</marc:subfield><marc:subfield code="t">United States government manual (Washington, D.C. : 1973)</marc:subfield><marc:subfield code="x">0092-1904</marc:subfield><marc:subfield code="w">(DLC) 73646537</marc:subfield><marc:subfield code="w">(OCoLC)1788884</marc:subfield></marc:datafield><marc:datafield tag="787" ind1="0" ind2="8"><marc:subfield code="i">Updating web site:</marc:subfield><marc:subfield code="t">United States government manual (Washington, D.C. : 2011 : Online)</marc:subfield><marc:subfield code="x">2334-3648</marc:subfield><marc:subfield code="w">(DLC) 2014230262</marc:subfield><marc:subfield code="w">(OCoLC)784938862</marc:subfield></marc:datafield><marc:datafield tag="856" ind1="4" ind2="0"><marc:subfield code="u">http://purl.access.gpo.gov/GPO/LPS2410</marc:subfield></marc:datafield><marc:datafield tag="856" ind1="4" ind2=" "><marc:subfield code="u">http://www.gpo.gov/fdsys/browse/collection.action?collectionCode=GOVMAN&amp;browsePath=2014+Edition+%28October%29%3BGOVMAN-2014-10-06%3Bthumbnails%5C%2Fgovman2014.jpg&amp;isCollapsed=true&amp;leafLevelBrowse=false&amp;ycord=0</marc:subfield></marc:datafield><marc:datafield tag="856" ind1=" " ind2=" "><marc:subfield code="3">(online)</marc:subfield><marc:subfield code="u">https://catalog.gpo.gov/fdlpdir/locate.jsp?ItemNumber=0577-A-01&amp;SYS=000639851</marc:subfield></marc:datafield><marc:datafield tag="994" ind1=" " ind2=" "><marc:subfield code="a">C0</marc:subfield><marc:subfield code="b">GPO</marc:subfield></marc:datafield><marc:datafield tag="049" ind1=" " ind2=" "><marc:subfield code="a">GPOO</marc:subfield></marc:datafield><marc:datafield tag="922" ind1=" " ind2=" "><marc:subfield code="a">BASICTITLE</marc:subfield></marc:datafield><marc:datafield tag="955" ind1=" " ind2=" "><marc:subfield code="a">bca35 20150406</marc:subfield></marc:datafield><marc:datafield tag="955" ind1=" " ind2=" "><marc:subfield code="a">bca35 20090521</marc:subfield><marc:subfield code="b">20090521</marc:subfield></marc:datafield></marc:record>