
<marc:record><marc:leader>03823cas a2200733 a 4500</marc:leader>
<marc:controlfield tag="001">000805967</marc:controlfield>
<marc:controlfield tag="005">20190221133928.0</marc:controlfield><marc:controlfield tag="006">m     o  d f      </marc:controlfield><marc:controlfield tag="007">cr mn|||||||||</marc:controlfield><marc:controlfield tag="008">010427c19379999dcuar  sol   f0    0eng c</marc:controlfield><marc:datafield tag="010" ind1=" " ind2=" "><marc:subfield code="a">2001263040</marc:subfield></marc:datafield><marc:datafield tag="019" ind1=" " ind2=" "><marc:subfield code="a">426742128</marc:subfield><marc:subfield code="a">622966494</marc:subfield><marc:subfield code="a">679546364</marc:subfield></marc:datafield><marc:datafield tag="022" ind1="0" ind2=" "><marc:subfield code="a">2379-4127</marc:subfield><marc:subfield code="2">1</marc:subfield></marc:datafield><marc:datafield tag="035" ind1=" " ind2=" "><marc:subfield code="a">(OCoLC)46833237</marc:subfield><marc:subfield code="z">(OCoLC)426742128</marc:subfield><marc:subfield code="z">(OCoLC)622966494</marc:subfield><marc:subfield code="z">(OCoLC)679546364</marc:subfield></marc:datafield><marc:datafield tag="040" ind1=" " ind2=" "><marc:subfield code="a">COA</marc:subfield><marc:subfield code="b">eng</marc:subfield><marc:subfield code="c">COA</marc:subfield><marc:subfield code="d">ZYU</marc:subfield><marc:subfield code="d">OCLCQ</marc:subfield><marc:subfield code="d">LLMC2</marc:subfield><marc:subfield code="d">OCL</marc:subfield><marc:subfield code="d">LLMC2</marc:subfield><marc:subfield code="d">GPO</marc:subfield><marc:subfield code="d">OCLCE</marc:subfield><marc:subfield code="d">EMI</marc:subfield><marc:subfield code="d">Z@4</marc:subfield><marc:subfield code="d">OCLCQ</marc:subfield><marc:subfield code="d">GPO</marc:subfield><marc:subfield code="d">OCLCA</marc:subfield><marc:subfield code="d">GPO</marc:subfield><marc:subfield code="d">OCLCO</marc:subfield><marc:subfield code="d">INR</marc:subfield><marc:subfield code="d">AGL</marc:subfield><marc:subfield code="d">GPO</marc:subfield></marc:datafield><marc:datafield tag="042" ind1=" " ind2=" "><marc:subfield code="a">pcc</marc:subfield><marc:subfield code="a">nsdp</marc:subfield></marc:datafield><marc:datafield tag="043" ind1=" " ind2=" "><marc:subfield code="a">n-us---</marc:subfield></marc:datafield><marc:datafield tag="070" ind1="0" ind2=" "><marc:subfield code="a">KF50</marc:subfield><marc:subfield code="b">.U55</marc:subfield></marc:datafield><marc:datafield tag="074" ind1=" " ind2=" "><marc:subfield code="a">0576-A (online)</marc:subfield></marc:datafield><marc:datafield tag="082" ind1="0" ind2="0"><marc:subfield code="a">341</marc:subfield><marc:subfield code="2">23</marc:subfield></marc:datafield><marc:datafield tag="086" ind1="0" ind2=" "><marc:subfield code="a">AE 2.111:</marc:subfield></marc:datafield><marc:datafield tag="110" ind1="1" ind2=" "><marc:subfield code="a">United States.</marc:subfield></marc:datafield><marc:datafield tag="240" ind1="1" ind2="0"><marc:subfield code="a">Laws, etc. (United States statutes at large : Online)</marc:subfield></marc:datafield><marc:datafield tag="245" ind1="1" ind2="0"><marc:subfield code="a">United States statutes at large.</marc:subfield></marc:datafield><marc:datafield tag="246" ind1="1" ind2=" "><marc:subfield code="a">Statutes at large</marc:subfield></marc:datafield><marc:datafield tag="246" ind1="1" ind2=" "><marc:subfield code="a">U.S. statutes at large</marc:subfield></marc:datafield><marc:datafield tag="246" ind1="1" ind2=" "><marc:subfield code="i">Cited as:</marc:subfield><marc:subfield code="a">Stat</marc:subfield></marc:datafield><marc:datafield tag="260" ind1=" " ind2=" "><marc:subfield code="a">Washington :</marc:subfield><marc:subfield code="b">U.S. G.P.O.</marc:subfield></marc:datafield><marc:datafield tag="300" ind1=" " ind2=" "><marc:subfield code="a">1 online resource</marc:subfield></marc:datafield><marc:datafield tag="310" ind1=" " ind2=" "><marc:subfield code="a">Annual</marc:subfield></marc:datafield><marc:datafield tag="336" ind1=" " ind2=" "><marc:subfield code="a">text</marc:subfield><marc:subfield code="b">txt</marc:subfield><marc:subfield code="2">rdacontent</marc:subfield></marc:datafield><marc:datafield tag="337" ind1=" " ind2=" "><marc:subfield code="a">computer</marc:subfield><marc:subfield code="b">c</marc:subfield><marc:subfield code="2">rdamedia</marc:subfield></marc:datafield><marc:datafield tag="338" ind1=" " ind2=" "><marc:subfield code="a">online resource</marc:subfield><marc:subfield code="b">cr</marc:subfield><marc:subfield code="2">rdacarrier</marc:subfield></marc:datafield><marc:datafield tag="362" ind1="1" ind2=" "><marc:subfield code="a">Print began with: Vol. 50, pt. 1 (1937).</marc:subfield></marc:datafield><marc:datafield tag="580" ind1=" " ind2=" "><marc:subfield code="a">Vols. for 1937-1950/51 contain treaties and international agreements, issued 1950- by the Secretary of State as: United States. Treaties, etc. (United States treaties and other international agreements : Online). United States treaties and other international agreements.</marc:subfield></marc:datafield><marc:datafield tag="588" ind1=" " ind2=" "><marc:subfield code="a">Description based on: Vol. 65, pt. 1 (1951); title from PDF t.p. (viewed Dec. 30, 2014).</marc:subfield></marc:datafield><marc:datafield tag="588" ind1=" " ind2=" "><marc:subfield code="a">Latest issue consulted: Vol. 125, pt. 1 (2011); (viewed Aug. 20, 2015).</marc:subfield></marc:datafield><marc:datafield tag="650" ind1=" " ind2="0"><marc:subfield code="a">Session laws</marc:subfield><marc:subfield code="z">United States.</marc:subfield></marc:datafield><marc:datafield tag="651" ind1=" " ind2="0"><marc:subfield code="a">United States</marc:subfield><marc:subfield code="x">Foreign relations</marc:subfield><marc:subfield code="x">Treaties</marc:subfield><marc:subfield code="v">Periodicals.</marc:subfield></marc:datafield><marc:datafield tag="710" ind1="1" ind2=" "><marc:subfield code="a">United States.</marc:subfield><marc:subfield code="b">Office of the Federal Register.</marc:subfield></marc:datafield><marc:datafield tag="710" ind1="1" ind2=" "><marc:subfield code="a">United States.</marc:subfield><marc:subfield code="b">Department of State.</marc:subfield></marc:datafield><marc:datafield tag="776" ind1="0" ind2="8"><marc:subfield code="i">Print serial version:</marc:subfield><marc:subfield code="a">United States.</marc:subfield><marc:subfield code="s">Laws, etc. (United States statutes at large).</marc:subfield><marc:subfield code="t">United States statutes at large</marc:subfield><marc:subfield code="x">0083-3401</marc:subfield><marc:subfield code="w">(DLC) 07035353</marc:subfield><marc:subfield code="w">(OCoLC)1768474</marc:subfield></marc:datafield><marc:datafield tag="776" ind1="0" ind2="8"><marc:subfield code="i">Microfiche version:</marc:subfield><marc:subfield code="a">United States.</marc:subfield><marc:subfield code="s">Laws, etc. (United States statutes at large).</marc:subfield><marc:subfield code="t">United States statutes at large</marc:subfield><marc:subfield code="w">(DLC) 2008217176</marc:subfield><marc:subfield code="w">(OCoLC)13324222</marc:subfield></marc:datafield><marc:datafield tag="780" ind1="0" ind2="0"><marc:subfield code="a">United States.</marc:subfield><marc:subfield code="s">Laws, etc. (Statutes at large, the United States from ... : Online).</marc:subfield><marc:subfield code="t">Statutes at large, the United States from ...</marc:subfield><marc:subfield code="w">(DLC) 2011230158</marc:subfield><marc:subfield code="w">(OCoLC)55483833</marc:subfield></marc:datafield><marc:datafield tag="785" ind1="0" ind2="1"><marc:subfield code="a">United States.</marc:subfield><marc:subfield code="s">Treaties, etc. (United States treaties and other international agreements : Online).</marc:subfield><marc:subfield code="t">United States treaties and other international agreements</marc:subfield><marc:subfield code="w">(OCoLC)54397189</marc:subfield></marc:datafield><marc:datafield tag="787" ind1="0" ind2="8"><marc:subfield code="i">Online database version:</marc:subfield><marc:subfield code="a">United States.</marc:subfield><marc:subfield code="s">Laws, etc. (United States statutes at large).</marc:subfield><marc:subfield code="t">United States statutes at large</marc:subfield><marc:subfield code="w">(DLC) 2009230092</marc:subfield><marc:subfield code="w">(OCoLC)318898196</marc:subfield></marc:datafield><marc:datafield tag="856" ind1="4" ind2="0"><marc:subfield code="3">1951-</marc:subfield><marc:subfield code="u">http://purl.fdlp.gov/GPO/gpo5677</marc:subfield></marc:datafield><marc:datafield tag="856" ind1="4" ind2=" "><marc:subfield code="z">Address at time of PURL creation</marc:subfield><marc:subfield code="3">1951-</marc:subfield><marc:subfield code="u">http://www.gpo.gov/fdsys/browse/collection.action?collectionCode=STATUTE</marc:subfield></marc:datafield><marc:datafield tag="856" ind1="4" ind2="0"><marc:subfield code="3">1937-1950</marc:subfield><marc:subfield code="u">https://purl.fdlp.gov/GPO/gpo89586</marc:subfield></marc:datafield><marc:datafield tag="856" ind1="4" ind2=" "><marc:subfield code="z">Address at time of PURL creation</marc:subfield><marc:subfield code="3">1937-1950</marc:subfield><marc:subfield code="u">https://www.loc.gov/law/help/statutes-at-large/</marc:subfield></marc:datafield><marc:datafield tag="856" ind1="4" ind2="0"><marc:subfield code="3">1951-</marc:subfield><marc:subfield code="z">Available at UNT Digital Library</marc:subfield><marc:subfield code="u">http://purl.fdlp.gov/GPO/gpo54224</marc:subfield></marc:datafield><marc:datafield tag="856" ind1="4" ind2=" "><marc:subfield code="3">1951-</marc:subfield><marc:subfield code="u">http://digital.library.unt.edu/explore/collections/USSAL/browse/</marc:subfield></marc:datafield><marc:datafield tag="856" ind1="4" ind2="0"><marc:subfield code="z">No longer available as of July 16, 2014</marc:subfield><marc:subfield code="u">http://purl.fdlp.gov/GPO/gpo6031</marc:subfield></marc:datafield><marc:datafield tag="856" ind1=" " ind2=" "><marc:subfield code="3">(online)</marc:subfield><marc:subfield code="u">https://catalog.gpo.gov/fdlpdir/locate.jsp?ItemNumber=0576-A&amp;SYS=000805967</marc:subfield></marc:datafield><marc:datafield tag="994" ind1=" " ind2=" "><marc:subfield code="a">C0</marc:subfield><marc:subfield code="b">GPO</marc:subfield></marc:datafield><marc:datafield tag="049" ind1=" " ind2=" "><marc:subfield code="a">GPOO</marc:subfield></marc:datafield><marc:datafield tag="922" ind1=" " ind2=" "><marc:subfield code="a">BASICTITLE</marc:subfield></marc:datafield><marc:datafield tag="922" ind1=" " ind2=" "><marc:subfield code="a">ESSENTIALTITLE</marc:subfield></marc:datafield><marc:datafield tag="955" ind1=" " ind2=" "><marc:subfield code="a">bc81 20180305</marc:subfield></marc:datafield><marc:datafield tag="955" ind1=" " ind2=" "><marc:subfield code="a">CATPART; UNT</marc:subfield></marc:datafield><marc:datafield tag="955" ind1=" " ind2=" "><marc:subfield code="a">bca35 20141230</marc:subfield></marc:datafield><marc:datafield tag="955" ind1=" " ind2=" "><marc:subfield code="a">bca35 20140716</marc:subfield></marc:datafield><marc:datafield tag="955" ind1=" " ind2=" "><marc:subfield code="a">bca35 20130226</marc:subfield></marc:datafield><marc:datafield tag="955" ind1=" " ind2=" "><marc:subfield code="a">bca35 20110331</marc:subfield></marc:datafield></marc:record>